<record xmlns="http://www.loc.gov/MARC21/slim" xmlns:xsi="http://www.w3.org/2001/XMLSchema-instance" xsi:schemaLocation="http://www.loc.gov/MARC21/slim http://www.loc.gov/standards/marcxml/schema/MARC21slim.xsd"><leader>03529nam a2200589   4500</leader><controlfield tag="001">001972535</controlfield><controlfield tag="003">NNU</controlfield><controlfield tag="006">m        d        </controlfield><controlfield tag="007">cr cn |||m|||a</controlfield><controlfield tag="008">150223s1987    ir h    obi   001 0 perr</controlfield><datafield ind1=" " ind2=" " tag="040"><subfield code="a">NNU</subfield><subfield code="b">eng</subfield><subfield code="e">rda</subfield><subfield code="c">NNU</subfield></datafield><datafield ind1="0" ind2=" " tag="041"><subfield code="a">ara</subfield><subfield code="a">per</subfield></datafield><datafield ind1=" " ind2="4" tag="050"><subfield code="a">BP133</subfield><subfield code="b">.R83 1987</subfield></datafield><datafield ind1="0" ind2="0" tag="050"><subfield code="a">BP133</subfield><subfield code="b">.R84 1987</subfield></datafield><datafield ind1="1" ind2=" " tag="100"><subfield code="6">880-01</subfield><subfield code="a">Ru&#772;h&#803;a&#772;ni&#772;, Mah&#803;mu&#772;d,</subfield><subfield code="d">1936 or 1937-</subfield></datafield><datafield ind1="1" ind2="3" tag="245"><subfield code="6">880-02</subfield><subfield code="a">al-Mu&#699;jam al-ih&#803;s&#803;a&#772;&#700;i&#772; li-alfa&#772;z&#803; al-Qur&#700;a&#772;n al-Kari&#772;m =</subfield><subfield code="b">Farhang-i a&#772;ma&#772;ri&#772;-i kalima&#772;t-i Qur&#700;a&#772;n-i Kari&#772;m /</subfield><subfield code="c">ta&#700;li&#772;f va tah&#803;qi&#772;q-i Mah&#803;mu&#772;d Ru&#772;h&#803;a&#772;ni&#772;.</subfield></datafield><datafield ind1="3" ind2=" " tag="246"><subfield code="6">880-03</subfield><subfield code="a">Farhang-i a&#772;ma&#772;ri&#772;-i kalima&#772;t-i Qur&#700;a&#772;n-i Kari&#772;m</subfield></datafield><datafield ind1=" " ind2=" " tag="250"><subfield code="6">880-04</subfield><subfield code="a">Chap&#772;-i 1.</subfield></datafield><datafield ind1=" " ind2=" " tag="260"><subfield code="6">880-05</subfield><subfield code="a">Mashhad :</subfield><subfield code="b">Mu&#700;assasah-&#700;i Cha&#772;p va Intisha&#772;ra&#772;t-i A&#772;sta&#772;n-i Quds-i Raz&#804;avi&#772;,</subfield><subfield code="c">1987-1990.</subfield></datafield><datafield ind1=" " ind2=" " tag="300"><subfield code="a">online resource (3 volumes) :</subfield><subfield code="b">facsimiles</subfield></datafield><datafield ind1=" " ind2=" " tag="336"><subfield code="a">text</subfield><subfield code="2">rdacontent</subfield></datafield><datafield ind1=" " ind2=" " tag="337"><subfield code="a">computer</subfield><subfield code="2">rdamedia</subfield></datafield><datafield ind1=" " ind2=" " tag="338"><subfield code="a">online resource</subfield><subfield code="2">rdacarrier</subfield></datafield><datafield ind1="1" ind2=" " tag="490"><subfield code="6">880-06</subfield><subfield code="a">Mu&#700;assasah-i Cha&#772;p va Intisha&#772;ra&#772;t-i A&#772;sta&#772;n-i Quds-i Raz&#804;avi&#772; ;</subfield><subfield code="v">21</subfield></datafield><datafield ind1=" " ind2=" " tag="500"><subfield code="a">Persian and Arabic; preface in English.</subfield></datafield><datafield ind1=" " ind2=" " tag="500"><subfield code="a">Title on added t.p.: A statistical dictionary of Quranic words.</subfield></datafield><datafield ind1=" " ind2=" " tag="500"><subfield code="a">"Mu&#700;assasah-&#700;i Cha&#772;p va Intisha&#772;ra&#772;t-i A&#772;sta&#772;n-i Quds-i Raz&#804;avi&#772;, 41"--Title page verso.</subfield></datafield><datafield ind1=" " ind2=" " tag="500"><subfield code="a">Part of the Arabic Collections Online (ACO) project, contributed by New York Univeristy Libraries.</subfield></datafield><datafield ind1=" " ind2=" " tag="504"><subfield code="a">Includes bibliographical references (v. 1., pages 691-702) and indexes.</subfield></datafield><datafield ind1="0" ind2=" " tag="505"><subfield code="6">880-07</subfield><subfield code="a">al-mujallad 1. al-Madkhal -- al-mujallad 2. Min al-hamzah ila&#769; al-si&#772;n -- al-mujallad 3. Min al-shi&#772;n ila&#769; al-ya&#772;&#700;.</subfield></datafield><datafield ind1=" " ind2=" " tag="533"><subfield code="a">Electronic reproduction.</subfield><subfield code="b">New York, N.Y. :</subfield><subfield code="c">New York University,</subfield><subfield code="d">2015.</subfield><subfield code="5">NNU</subfield></datafield><datafield ind1="0" ind2="0" tag="630"><subfield code="a">Qur&#700;an</subfield><subfield code="v">Concordances.</subfield></datafield><datafield ind1=" " ind2="0" tag="650"><subfield code="a">Arabic language</subfield><subfield code="x">Word frequency.</subfield></datafield><datafield ind1="0" ind2="7" tag="630"><subfield code="a">Qur&#700;an.</subfield><subfield code="2">fast</subfield><subfield code="0">(OCoLC)fst01842877</subfield></datafield><datafield ind1=" " ind2="7" tag="650"><subfield code="a">Arabic language</subfield><subfield code="x">Word frequency.</subfield><subfield code="2">fast</subfield><subfield code="0">(OCoLC)fst00812467</subfield></datafield><datafield ind1=" " ind2="7" tag="655"><subfield code="a">Concordances.</subfield><subfield code="2">fast</subfield><subfield code="0">(OCoLC)fst01423768</subfield></datafield><datafield ind1="2" ind2=" " tag="710"><subfield code="a">New York University.</subfield><subfield code="b">Libraries.</subfield></datafield><datafield ind1="0" ind2=" " tag="730"><subfield code="a">Arabic Collections Online.</subfield></datafield><datafield ind1="0" ind2=" " tag="740"><subfield code="a">Statistical dictionary of Quranic words.</subfield></datafield><datafield ind1="0" ind2="8" tag="776"><subfield code="i">Print version:</subfield><subfield code="a">Ru&#772;h&#803;a&#772;ni&#772;, Mah&#803;mu&#772;d, 1936 or 1937-</subfield><subfield code="t">al-Mu&#699;jam al-ih&#803;s&#803;a&#772;&#700;i&#772; li-alfa&#772;z&#803; al-Qur&#700;a&#772;n al-Kari&#772;m =</subfield><subfield code="w">(NNU)001972535</subfield><subfield code="w">(DLC)   90933127</subfield></datafield><datafield ind1="4" ind2="0" tag="856"><subfield code="u">http://hdl.handle.net/2333.1/w3r22bcq</subfield></datafield><datafield ind1="1" ind2=" " tag="880"><subfield code="6">100-01/</subfield><subfield code="a">&#1605;&#1581;&#1605;&#1608;&#1583; &#1585;&#1608;&#1581;&#1575;&#1606;&#1609;&#1548;</subfield><subfield code="d">1936 or 1937-</subfield></datafield><datafield ind1="1" ind2="3" tag="880"><subfield code="6">245-02/</subfield><subfield code="a">&#1575;&#1604;&#1605;&#1593;&#1580;&#1605; &#1575;&#1604;&#1573;&#1581;&#1589;&#1575;&#1574;&#1610; &#1604;&#1571;&#1604;&#1601;&#1575;&#1592; &#1575;&#1604;&#1602;&#1585;&#1570;&#1606; &#1575;&#1604;&#1603;&#1585;&#1610;&#1605; =</subfield><subfield code="b">&#1601;&#1585;&#1607;&#1606;&#1603; &#1649;&#1605;&#1575;&#1585;&#1609; &#1603;&#1604;&#1605;&#1575;&#1578; &#1602;&#1585;&#1649;&#1606; &#1603;&#1585;&#1610;&#1605; /</subfield><subfield code="c">&#1578;&#1571;&#1604;&#1610;&#1601; &#1608;&#1578;&#1581;&#1602;&#1610;&#1602; &#1605;&#1581;&#1605;&#1608;&#1583; &#1585;&#1608;&#1581;&#1575;&#1606;&#1609;.</subfield></datafield><datafield ind1="3" ind2=" " tag="880"><subfield code="6">246-03/</subfield><subfield code="a">&#1601;&#1585;&#1607;&#1606;&#1603; &#1649;&#1605;&#1575;&#1585;&#1609; &#1603;&#1604;&#1605;&#1575;&#1578; &#1602;&#1585;&#1649;&#1606; &#1603;&#1585;&#1610;&#1605;</subfield></datafield><datafield ind1=" " ind2=" " tag="880"><subfield code="6">250-04/</subfield><subfield code="a">&#1580;&#1575;&#1662; &#1633;.</subfield></datafield><datafield ind1=" " ind2=" " tag="880"><subfield code="6">260-05/</subfield><subfield code="a">&#1605;&#1588;&#1607;&#1583; :</subfield><subfield code="b">&#1605;&#1572;&#1587;&#1587;&#1577; &#1580;&#1575;&#1662; &#1608;&#1575;&#1606;&#1578;&#1588;&#1575;&#1585;&#1575;&#1578; &#1575;&#1587;&#1578;&#1575;&#1606; &#1602;&#1583;&#1587; &#1585;&#1590;&#1608;&#1609;&#1548;</subfield><subfield code="c">1987-1990.</subfield></datafield><datafield ind1="1" ind2=" " tag="880"><subfield code="6">490-06/</subfield><subfield code="a">&#1605;&#1572;&#1587;&#1587;&#1577; &#1580;&#1575;&#1662; &#1608; &#1575;&#1606;&#1578;&#1588;&#1575;&#1585;&#1575;&#1578; &#1570;&#1587;&#1578;&#1575;&#1606; &#1602;&#1583;&#1587; &#1585;&#1590;&#1583;&#1609; &#1563;</subfield><subfield code="v">&#1634;&#1633;</subfield></datafield><datafield ind1="0" ind2=" " tag="880"><subfield code="6">505-07/</subfield><subfield code="a">&#1575;&#1604;&#1605;&#1580;&#1604;&#1583; &#1633;. &#1575;&#1604;&#1605;&#1583;&#1582;&#1604; -- &#1575;&#1604;&#1605;&#1580;&#1604;&#1583; &#1634;. &#1605;&#1606; &#1575;&#1604;&#1607;&#1605;&#1586;&#1577; &#1651;&#1604;&#1609; &#1575;&#1604;&#1587;&#1610;&#1606; -- &#1575;&#1604;&#1605;&#1580;&#1604;&#1583; &#1635;. &#1605;&#1606; &#1575;&#1604;&#1588;&#1610;&#1606; &#1575;&#1604;&#1609; &#1575;&#1604;&#1610;&#1575;&#1569;.</subfield></datafield><datafield ind1=" " ind2="0" tag="830"><subfield code="6">880-08</subfield><subfield code="a">Mu&#700;assasah-i Cha&#772;p va Intisha&#772;ra&#772;t-i A&#772;sta&#772;n-i Quds-i Raz&#804;avi&#772; ;</subfield><subfield code="v">21.</subfield></datafield><datafield ind1=" " ind2="0" tag="880"><subfield code="6">830-08/</subfield><subfield code="a">&#1605;&#1572;&#1587;&#1587;&#1577; &#1580;&#1575;&#1662; &#1608; &#1575;&#1606;&#1578;&#1588;&#1575;&#1585;&#1575;&#1578; &#1570;&#1587;&#1578;&#1575;&#1606; &#1602;&#1583;&#1587; &#1585;&#1590;&#1583;&#1609; &#1563;</subfield><subfield code="v">&#1634;&#1633;.</subfield></datafield><datafield ind1=" " ind2=" " tag="959"><subfield code="a">NNU</subfield><subfield code="b">WEB</subfield><subfield code="c">GENI</subfield><subfield code="t">0</subfield><subfield code="m">Electronic access</subfield><subfield code="s">01</subfield></datafield><datafield ind1=" " ind2=" " tag="999"><subfield code="i">NNU_001972535</subfield><subfield code="s">nyu_aco000174:v.1</subfield><subfield code="s">nyu_aco000175:v.2</subfield><subfield code="s">nyu_aco000176:v.3</subfield></datafield></record>